@misc{sullivan2024smallscale,
      title={Small-scale radio jets and tidal disruption events: A theory of high-luminosity compact symmetric objects}, 
      author={Andrew G. Sullivan and Roger D. Blandford and Mitchell C. Begelman and Mark Birkinshaw and Anthony C. S. Readhead},
      year={2024},
      eprint={2401.14399},
      archivePrefix={arXiv},
      primaryClass={astro-ph.HE}
}

@article{Bromberg_2011,
   title={THE PROPAGATION OF RELATIVISTIC JETS IN EXTERNAL MEDIA},
   volume={740},
   ISSN={1538-4357},
   url={http://dx.doi.org/10.1088/0004-637X/740/2/100},
   DOI={10.1088/0004-637x/740/2/100},
   number={2},
   journal={The Astrophysical Journal},
   publisher={American Astronomical Society},
   author={Bromberg, Omer and Nakar, Ehud and Piran, Tsvi and Sari, Re’em},
   year={2011},
   month=oct, pages={100} }

   @misc{bronzini2024investigating,
      title={Investigating X-ray Emission in the GeV-emitting Compact Symmetric Objects PKS 1718-649 and TXS 1146+596}, 
      author={E. Bronzini and G. Migliori and C. Vignali and M. Sobolewska and Ł. Stawarz and A. Siemiginowska and M. Orienti and F. D'Ammando and M. Giroletti and G. Principe and K. Balasubramaniam},
      year={2024},
      eprint={2401.16479},
      archivePrefix={arXiv},
      primaryClass={astro-ph.HE}
}
@misc{readhead2023compact,
      title={Compact Symmetric Objects -- III Evolution of the High-Luminosity Branch and a Possible Connection with Tidal Disruption Events}, 
      author={A. C. S. Readhead and V. Ravi and R. D. Blandford and A. G. Sullivan and J. Somalwar and M. C. Begelman and M. Birkinshaw and I. Liodakis and M. L. Lister and T. J. Pearson and G. B. Taylor and P. N. Wilkinson and N. Globus and S. Kiehlmann and C. R. Lawrence and D. Murphy and S. O'Neill and V. Pavlidou and E. Sheldahl and A. Siemiginowska and K. Tassis},
      year={2023},
      eprint={2303.11361},
      archivePrefix={arXiv},
      primaryClass={astro-ph.HE}
}


@article{Balasubramaniam_2021,
   title={X-Ray Emission of the gamma-ray-loud Young Radio Galaxy NGC 3894},
   volume={922},
   ISSN={1538-4357},
   url={http://dx.doi.org/10.3847/1538-4357/ac1ff5},
   DOI={10.3847/1538-4357/ac1ff5},
   number={1},
   journal={The Astrophysical Journal},
   publisher={American Astronomical Society},
   author={Balasubramaniam, K. and Stawarz, Ł. and Cheung, C. C. and Sobolewska, M. and Marchenko, V. and Thimmappa, R. and Król, D. Ł. and Migliori, G. and Siemiginowska, A.},
   year={2021},
   month=nov, pages={84} }

@misc{peretti2023diffusive,
      title={Diffusive shock acceleration at EeV and associated multimessenger flux from ultra-fast outflows driven by Active Galactic Nuclei}, 
      author={Enrico Peretti and Alessandra Lamastra and Francesco Gabriele Saturni and Markus Ahlers and Pasquale Blasi and Giovanni Morlino and Pierre Cristofari},
      year={2023},
      eprint={2301.13689},
      archivePrefix={arXiv},
      primaryClass={astro-ph.HE}
}

@article{Fiore_2017,
   title={AGN wind scaling relations and the co-evolution of black  holes and galaxies},
   volume={601},
   ISSN={1432-0746},
   url={http://dx.doi.org/10.1051/0004-6361/201629478},
   DOI={10.1051/0004-6361/201629478},
   journal={Astronomy amp; Astrophysics},
   publisher={EDP Sciences},
   author={Fiore, F. and Feruglio, C. and Shankar, F. and Bischetti, M. and Bongiorno, A. and Brusa, M. and Carniani, S. and Cicone, C. and Duras, F. and Lamastra, A. and Mainieri, V. and Marconi, A. and Menci, N. and Maiolino, R. and Piconcelli, E. and Vietri, G. and Zappacosta, L.},
   year={2017},
   month=may, pages={A143} }

   @article{Beuchert_2018,
   title={Extended X-ray emission in PKS 1718−649},
   volume={612},
   ISSN={1432-0746},
   url={http://dx.doi.org/10.1051/0004-6361/201833064},
   DOI={10.1051/0004-6361/201833064},
   journal={Astronomy &amp; Astrophysics},
   publisher={EDP Sciences},
   author={Beuchert, T. and Rodríguez-Ardila, A. and Moss, V. A. and Schulz, R. and Kadler, M. and Wilms, J. and Angioni, R. and Callingham, J. R. and Gräfe, C. and Krauß, F. and Kreikenbohm, A. and Langejahn, M. and Leiter, K. and Maccagni, F. M. and Müller, C. and Ojha, R. and Ros, E. and Tingay, S. J.},
   year={2018},
   month=apr, pages={L4} }